<record><leader>00000cas a2200000 a 4500</leader><controlfield tag="001">19264200</controlfield><controlfield tag="008">890227d19431948nyuwr ne      0    0eng c</controlfield><datafield ind1=" " ind2=" " tag="010"><subfield code="a">sn 89071239 </subfield></datafield><datafield ind1=" " ind2=" " tag="040"><subfield code="a">NYG</subfield><subfield code="b">eng</subfield><subfield code="c">NYG</subfield><subfield code="d">NYS</subfield><subfield code="d">OCLCQ</subfield><subfield code="d">NYS</subfield><subfield code="d">OCLCQ</subfield><subfield code="d">OCLCF</subfield><subfield code="d">OCLCO</subfield></datafield><datafield ind1="1" ind2=" " tag="029"><subfield code="a">AU@</subfield><subfield code="b">000020537017</subfield></datafield><datafield ind1=" " ind2=" " tag="042"><subfield code="a">pcc</subfield></datafield><datafield ind1=" " ind2=" " tag="043"><subfield code="a">n-us-ny</subfield></datafield><datafield ind1="0" ind2=" " tag="130"><subfield code="a">Community news (Jamaica, New York, N.Y.)</subfield></datafield><datafield ind1="1" ind2="0" tag="245"><subfield code="a">Community news.</subfield></datafield><datafield ind1="3" ind2="0" tag="246"><subfield code="a">Community news of Central Queens</subfield></datafield><datafield ind1="3" ind2="0" tag="246"><subfield code="a">Community news of Queens County</subfield></datafield><datafield ind1=" " ind2=" " tag="260"><subfield code="a">[Jamaica, N.Y.] :</subfield><subfield code="b">Utopia Agency,</subfield><subfield code="c">1943-1948.</subfield></datafield><datafield ind1=" " ind2=" " tag="300"><subfield code="a">v.</subfield></datafield><datafield ind1=" " ind2=" " tag="310"><subfield code="a">Weekly,</subfield><subfield code="b">June 14, 1945-July 29, 1948</subfield></datafield><datafield ind1=" " ind2=" " tag="321"><subfield code="a">Monthly,</subfield><subfield code="b">Sept. 1943-May 1945</subfield></datafield><datafield ind1="0" ind2=" " tag="362"><subfield code="a">Sept. 1943-v. 6, no. 30 (July 29, 1948).</subfield></datafield><datafield ind1=" " ind2=" " tag="500"><subfield code="a">Published by Otto Schuler, Mar. 1945-July 29, 1948.</subfield></datafield><datafield ind1=" " ind2=" " tag="500"><subfield code="a">Published in Flushing, N.Y., Jan. 10, 1946-July 29, 1948.</subfield></datafield><datafield ind1=" " ind2=" " tag="500"><subfield code="a">"Of Central Queens" appears in masthead, June 1945-Nov. 8, 1945.</subfield></datafield><datafield ind1=" " ind2=" " tag="500"><subfield code="a">"Of Queens County" appears in masthead, Nov. 15, 1945-July 29, 1948.</subfield></datafield><datafield ind1=" " ind2=" " tag="515"><subfield code="a">Numbering begins with, vol. 2, no. 6 (Aug. 1944).</subfield></datafield><datafield ind1=" " ind2="0" tag="651"><subfield code="a">Jamaica (New York, N.Y.)</subfield><subfield code="v">Newspapers.</subfield></datafield><datafield ind1=" " ind2="0" tag="651"><subfield code="a">Flushing (New York, N.Y.)</subfield><subfield code="v">Newspapers.</subfield></datafield><datafield ind1=" " ind2="0" tag="651"><subfield code="a">Queens (New York, N.Y.)</subfield><subfield code="v">Newspapers.</subfield></datafield><datafield ind1=" " ind2="0" tag="651"><subfield code="a">New York (N.Y.)</subfield><subfield code="v">Newspapers.</subfield></datafield><datafield ind1=" " ind2="0" tag="651"><subfield code="a">Queens County (N.Y.)</subfield><subfield code="v">Newspapers.</subfield></datafield><datafield ind1=" " ind2="7" tag="655"><subfield code="a">Newspapers.</subfield><subfield code="2">fast</subfield><subfield code="0">(OCoLC)fst01423814</subfield></datafield><datafield ind1=" " ind2="7" tag="651"><subfield code="a">New York (State)</subfield><subfield code="z">New York.</subfield><subfield code="2">fast</subfield><subfield code="0">(OCoLC)fst01204333</subfield></datafield><datafield ind1=" " ind2="7" tag="651"><subfield code="a">New York (State)</subfield><subfield code="z">New York</subfield><subfield code="z">Flushing.</subfield><subfield code="2">fast</subfield><subfield code="0">(OCoLC)fst01312383</subfield></datafield><datafield ind1=" " ind2="7" tag="651"><subfield code="a">New York (State)</subfield><subfield code="z">New York</subfield><subfield code="z">Jamaica.</subfield><subfield code="2">fast</subfield><subfield code="0">(OCoLC)fst01312250</subfield></datafield><datafield ind1=" " ind2="7" tag="651"><subfield code="a">New York (State)</subfield><subfield code="z">New York</subfield><subfield code="z">Queens.</subfield><subfield code="2">fast</subfield><subfield code="0">(OCoLC)fst01313007</subfield></datafield><datafield ind1=" " ind2="7" tag="651"><subfield code="a">New York (State)</subfield><subfield code="z">Queens County.</subfield><subfield code="2">fast</subfield><subfield code="0">(OCoLC)fst01246810</subfield></datafield><datafield ind1=" " ind2=" " tag="752"><subfield code="a">United States</subfield><subfield code="b">New York</subfield><subfield code="c">Queens</subfield><subfield code="d">Jamaica.</subfield></datafield><datafield ind1=" " ind2=" " tag="752"><subfield code="a">United States</subfield><subfield code="b">New York</subfield><subfield code="c">Queens</subfield><subfield code="d">Flushing.</subfield></datafield><datafield ind1=" " ind2=" " tag="752"><subfield code="a">United States</subfield><subfield code="b">New York</subfield><subfield code="d">New York.</subfield></datafield><datafield ind1="0" ind2="0" tag="780"><subfield code="t">Community news vues</subfield><subfield code="w">(DLC)sn 84031767</subfield><subfield code="w">(OCoLC)11405343</subfield></datafield></record>